<collection xmlns="http://www.loc.gov/MARC21/slim">
<record>
  <leader>02727nam0a22004211i 450 </leader>
  <controlfield tag="001">IT\ICCU\CNCE\067753</controlfield>
  <controlfield tag="005">20190410000000.0</controlfield>
  <datafield tag="012" ind1=" " ind2=" ">
    <subfield code="a">isum v.x. s.o. bide (3) 1507 (Q)</subfield>
    <subfield code="2">fei</subfield>
  </datafield>
  <datafield tag="100" ind1=" " ind2=" ">
    <subfield code="a">20060907f1507        0itac0103    ba</subfield>
  </datafield>
  <datafield tag="101" ind1=" " ind2=" ">
    <subfield code="a">LAT</subfield>
    <subfield code="a">ITA</subfield>
  </datafield>
  <datafield tag="102" ind1=" " ind2=" ">
    <subfield code="a">IT</subfield>
  </datafield>
  <datafield tag="200" ind1="1" ind2=" ">
    <subfield code="a">Ad studiosos. Habetis in hoc volumine Vergilii opera proxime Mediolani edita: cum Seruii Honorati commentariis in Leonardi Vegii libraria officina quam diligentissime descripta: cuius gratia Alexander Minutianus socer Probi grammatici in Bucolica: &amp; Georgica interpretamenta eruditissima addidit. Apposuit quoque in suis locis Sulpitii Verulanii annotationes in sex prores Aeneidis libros. Tum Philippi Beroaldi Seruii: ut ipse inscripsit: errores: cum domitii Calderini in Juuenilia huius eminentissimi poetecommentariis ...</subfield>
  </datafield>
  <datafield tag="210" ind1=" " ind2=" ">
    <subfield code="e">Mediolani</subfield>
    <subfield code="g">impressum per Leonardum Vegium</subfield>
    <subfield code="h">1500 \i.e. non prima del 1507! die XXV Augusti</subfield>
  </datafield>
  <datafield tag="215" ind1=" " ind2=" ">
    <subfield code="a">CCX \i.e. 211!, \24! c.</subfield>
    <subfield code="d">fol</subfield>
  </datafield>
  <datafield tag="300" ind1=" " ind2=" ">
    <subfield code="a">La data del colophon  ̈errata: Leonardo Vegio inizia la sua attivita di tipografo nel 1507, cfr.: Sandal, E., Editori e tipografi a Milano nel Cinquecento, pp. 53-60</subfield>
  </datafield>
  <datafield tag="620" ind1=" " ind2=" ">
    <subfield code="a">IT</subfield>
    <subfield code="d">Milano</subfield>
  </datafield>
  <datafield tag="700" ind1=" " ind2="1">
    <subfield code="a">Vergilius Maro,</subfield>
    <subfield code="b">Publius</subfield>
    <subfield code="3">IT\ICCU\CNCA\001093</subfield>
  </datafield>
  <datafield tag="702" ind1=" " ind2="1">
    <subfield code="a">Probus,</subfield>
    <subfield code="b">Marcus Valerius</subfield>
    <subfield code="3">IT\ICCU\CNCA\004470</subfield>
  </datafield>
  <datafield tag="702" ind1=" " ind2="1">
    <subfield code="a">Calderini,</subfield>
    <subfield code="b">Domizio</subfield>
    <subfield code="3">IT\ICCU\CNCA\008864</subfield>
  </datafield>
  <datafield tag="702" ind1=" " ind2="1">
    <subfield code="a">Beroaldo,</subfield>
    <subfield code="b">Filippo</subfield>
    <subfield code="c"> &lt;il vecchio&gt;</subfield>
    <subfield code="3">IT\ICCU\CNCA\000228</subfield>
  </datafield>
  <datafield tag="702" ind1=" " ind2="1">
    <subfield code="a">Servius,</subfield>
    <subfield code="b">Maurus Honoratus</subfield>
    <subfield code="3">IT\ICCU\CNCA\000325</subfield>
  </datafield>
  <datafield tag="712" ind1="0" ind2="0">
    <subfield code="a">Vegio, Leonardo</subfield>
    <subfield code="3">IT\ICCU\CNCT\000313</subfield>
    <subfield code="4">650</subfield>
  </datafield>
  <datafield tag="790" ind1=" " ind2="0">
    <subfield code="a">Virgilio</subfield>
    <subfield code="3">IT\ICCU\CNCA\015017</subfield>
    <subfield code="z">Vergilius Maro, Publius</subfield>
  </datafield>
  <datafield tag="790" ind1=" " ind2="0">
    <subfield code="a">Probus</subfield>
    <subfield code="3">IT\ICCU\CNCA\017417</subfield>
    <subfield code="z">Probus, Marcus Valerius</subfield>
  </datafield>
  <datafield tag="790" ind1=" " ind2="1">
    <subfield code="a">Probus Berytius,</subfield>
    <subfield code="b">Marcus Valerius</subfield>
    <subfield code="3">IT\ICCU\CNCA\018685</subfield>
    <subfield code="z">Probus, Marcus Valerius</subfield>
  </datafield>
  <datafield tag="790" ind1=" " ind2="1">
    <subfield code="a">Probus,</subfield>
    <subfield code="b">Valerius</subfield>
    <subfield code="3">IT\ICCU\CNCA\022681</subfield>
    <subfield code="z">Probus, Marcus Valerius</subfield>
  </datafield>
  <datafield tag="790" ind1=" " ind2="1">
    <subfield code="a">Calderino,</subfield>
    <subfield code="b">Domizio</subfield>
    <subfield code="3">IT\ICCU\CNCA\026548</subfield>
    <subfield code="z">Calderini, Domizio</subfield>
  </datafield>
  <datafield tag="790" ind1=" " ind2="1">
    <subfield code="a">Calderinus,</subfield>
    <subfield code="b">Domitius</subfield>
    <subfield code="3">IT\ICCU\CNCA\026549</subfield>
    <subfield code="z">Calderini, Domizio</subfield>
  </datafield>
  <datafield tag="790" ind1=" " ind2="1">
    <subfield code="a">Beroaldus,</subfield>
    <subfield code="b">Philippus</subfield>
    <subfield code="3">IT\ICCU\CNCA\026331</subfield>
    <subfield code="z">Beroaldo, Filippo &lt;il vecchio&gt;</subfield>
  </datafield>
  <datafield tag="790" ind1=" " ind2="1">
    <subfield code="a">Servius Honoratus,</subfield>
    <subfield code="b">Maurus</subfield>
    <subfield code="3">IT\ICCU\CNCA\015348</subfield>
    <subfield code="z">Servius, Maurus Honoratus</subfield>
  </datafield>
  <datafield tag="790" ind1=" " ind2="0">
    <subfield code="a">Servius</subfield>
    <subfield code="3">IT\ICCU\CNCA\020791</subfield>
    <subfield code="z">Servius, Maurus Honoratus</subfield>
  </datafield>
  <datafield tag="790" ind1=" " ind2="1">
    <subfield code="a">Servius,</subfield>
    <subfield code="b">Marius</subfield>
    <subfield code="3">IT\ICCU\CNCA\020792</subfield>
    <subfield code="z">Servius, Maurus Honoratus</subfield>
  </datafield>
  <datafield tag="791" ind1="0" ind2="0">
    <subfield code="a">De_Vegiis, Leonardus</subfield>
    <subfield code="3">IT\ICCU\CNCT\004154</subfield>
    <subfield code="z">Vegio, Leonardo</subfield>
  </datafield>
  <datafield tag="791" ind1="0" ind2="0">
    <subfield code="a">Vegius, Leonardus</subfield>
    <subfield code="3">IT\ICCU\CNCT\005862</subfield>
    <subfield code="z">Vegio, Leonardo</subfield>
  </datafield>
  <datafield tag="791" ind1="0" ind2="0">
    <subfield code="a">Vegiis, Leonardus de</subfield>
    <subfield code="3">IT\ICCU\CNCT\005863</subfield>
    <subfield code="z">Vegio, Leonardo</subfield>
  </datafield>
  <datafield tag="791" ind1="0" ind2="0">
    <subfield code="a">Vegii, Leonardo di</subfield>
    <subfield code="3">IT\ICCU\CNCT\005864</subfield>
    <subfield code="z">Vegio, Leonardo</subfield>
  </datafield>
  <datafield tag="801" ind1=" " ind2="3">
    <subfield code="a">IT</subfield>
    <subfield code="b">ICCU</subfield>
    <subfield code="c">20201115</subfield>
  </datafield>
  <datafield tag="899" ind1=" " ind2=" ">
    <subfield code="a">Biblioteca universitaria Alessandrina. Roma</subfield>
    <subfield code="1">RM0280</subfield>
    <subfield code="2">RML 01</subfield>
  </datafield>
</record>
</collection>
